
@manual{ke,
	author = {В.И. Прокопьев, А.П. Суворов, О.А. Негрозов, И.Ю. Ланцова},
	title = {МЕТОД
	КОНЕЧНЫХ ЭЛЕМЕНТОВ},
	date = {2018},
	publisher = {МИСИ – МГСУ},
	location = {Москва},
	url = {https://mgsu.ru/universityabout/Struktura/Kafedri/Prikladnoy_matem/teaching-materials/literature/metod_konechnih_elementov.pdf},
}

@manual{chislaki,
	author = {А. В. Лебедев},
	title = {Численные методы расчета
	строительных конструкций},
	date = {2012},
	publisher = {СПбГАСУ},
	location = {Санкт-Петербург},
	url = {http://e-lib.dulaty.kz/fulldownloads/?doc_id=6611890&file=/Lebedev_Chislennye_metody_rasheta.pdf},
	pagetotal={52}
}


@online{pnpoly,
	author = {W. Randolph Franklin},
	title = {PNPOLY - Point Inclusion in Polygon Test
	},
	date = {2023},
	url = {https://wrfranklin.org/Research/Short_Notes/pnpoly.html},
}

@online{trig_interpolate,
	author = {Lewis Van Winkle},
	title = {Interpolating in a Triangle},
	date = {2016-11-30},
	url = {https://codeplea.com/triangular-interpolation},
}
